<record><leader>00000cas a2200000 a 4500</leader><controlfield tag="001">18329844</controlfield><controlfield tag="008">880809d19031915aludn ne      0   a0eng d</controlfield><datafield ind1=" " ind2=" " tag="010"><subfield code="a">sn 89050021 </subfield></datafield><datafield ind1=" " ind2=" " tag="040"><subfield code="a">ALM</subfield><subfield code="b">eng</subfield><subfield code="c">ALM</subfield><subfield code="d">CPN</subfield><subfield code="d">OCL</subfield><subfield code="d">OCLCQ</subfield></datafield><datafield ind1=" " ind2=" " tag="042"><subfield code="a">msc</subfield></datafield><datafield ind1="0" ind2="4" tag="245"><subfield code="a">The Tuscaloosa times-gazette.</subfield></datafield><datafield ind1="3" ind2="0" tag="246"><subfield code="a">Times-gazette</subfield></datafield><datafield ind1=" " ind2=" " tag="260"><subfield code="a">Tuscaloosa, Ala. :</subfield><subfield code="b">Times-Gazette Pub. Co.,</subfield><subfield code="c">1903-1915.</subfield></datafield><datafield ind1=" " ind2=" " tag="300"><subfield code="a">v. :</subfield><subfield code="b">ill. ;</subfield><subfield code="c">50-58 cm.</subfield></datafield><datafield ind1=" " ind2=" " tag="310"><subfield code="a">Daily (except Mon.)</subfield></datafield><datafield ind1="0" ind2=" " tag="362"><subfield code="a">Vol. 1, no. 1 (Jan. 12, 1903) = Times v. 15, no. 59 = Gazette v. 16, no. 43-v. 26, no. 298 (Jan. 31, 1915).</subfield></datafield><datafield ind1=" " ind2=" " tag="500"><subfield code="a">Published as: Times-gazette, Jan. 12-Feb. 3, 1903.</subfield></datafield><datafield ind1=" " ind2=" " tag="515"><subfield code="a">Numberng is irregular.</subfield></datafield><datafield ind1=" " ind2=" " tag="752"><subfield code="a">United States</subfield><subfield code="b">Alabama</subfield><subfield code="c">Tuscaloosa</subfield><subfield code="d">Tuscaloosa.</subfield></datafield><datafield ind1="0" ind2=" " tag="775"><subfield code="t">Tuscaloosa times-gazette (Tuscaloosa, Ala.)</subfield><subfield code="w">(DLC)sn 89050022</subfield></datafield><datafield ind1="0" ind2="4" tag="780"><subfield code="t">Tuskaloosa gazette (Tuscaloosa, Ala.)</subfield><subfield code="w">(DLC)sn 89050020</subfield></datafield><datafield ind1="0" ind2="4" tag="780"><subfield code="t">Tuscaloosa times (Tuscaloosa, Ala. : 1901)</subfield><subfield code="w">(DLC)sn 89050001</subfield></datafield><datafield ind1="0" ind2="7" tag="785"><subfield code="t">Tuscaloosa news</subfield><subfield code="w">(DLC)sn 89050023</subfield></datafield><datafield ind1="0" ind2="7" tag="785"><subfield code="t">Tuscaloosa news and times-gazette</subfield><subfield code="w">(DLC)sn 89050025</subfield></datafield></record>